@article{Mendes:LOSS,
author = {Pablo N. Mendes and Alexandre Passant and Pavan Kapanipathi and Amit P. Sheth},
title = {Linked Open Social Signals},
journal ={Web Intelligence and Intelligent Agent Technology, IEEE/WIC/ACM International Conference on},
volume = {1},
isbn = {978-0-7695-4191-4},
year = {2010},
pages = {224-231},
doi = {http://doi.ieeecomputersociety.org/10.1109/WI-IAT.2010.314},
publisher = {IEEE Computer Society},
address = {Los Alamitos, CA, USA},
}

@misc{Jadhav:Twitris,
  author = {Ashutosh Jadhav and Hemant Purohit and Pavan Kapanipathia and Pramod Ananthram and Ajith Ranabahu and Vinh Nguyen and Pablo N. Mendes and Alan Gary Smith and Michael Cooney and Amit Sheth},
  title = {Twitris 2.0 : Semantically Empowered System for Understanding Perceptions From Social Data},
  howpublished = {Semantic Web Challenge at the 9$^{th}$ International Semantic Web Conference (ISWC2010), Shanghai, China},
  year = {2010},
  note = {\url{http://www.cs.vu.nl/~pmika/swc/submissions/swc2010_submission_8.pdf}}
}

@misc{Google:Ajax,
  author = {Katharina Probst and Bruce Johnson and Arup Mukherjee and Erik van der Poel and Li Xiao and John Mueller},
  title = {Making AJAX Applications Crawlable},
  howpublished = {Google},
  year = {2009},
  note = {\url{http://code.google.com/web/ajaxcrawling/docs/getting-started.html}}
}

@misc{Kannan:Trendtracker,
  author = {Akshay Kannan and Jeff Patzer and Boaz Avital},
  title = {TRENDTRACKER: A System for Visualizing Trending Topics on Twitter},
  howpublished = {University of California, Berkeley, Visualization Course CS294-10, Visualization Wiki},
  year = {2010},
  note = {\url{http://vis.berkeley.edu/courses/cs294-10-sp10/wiki/images/archive/d/d4/20100511073322!FinalPaper.pdf}}
}

@inproceedings{Passant2008,
  author = {Alexandre Passant and Tuukka Hastrup and Uldis Bojars and John Breslin},
  booktitle = {Proceedings of the 4$^{th}$ Workshop on Scripting for the Semantic Web, Tenerife, Spain, June 02, 2008, CEUR Workshop Proceedings},
  title = {Microblogging: A Semantic and Distributed Approach},
  note = {\url{http://CEUR-WS.org/Vol-368/paper11.pdf}},
  year = 2008,
}

@InProceedings{Tummarello:Sindice,
 author =     {Giovanni Tummarello and Renaud Delbru and Eyal Oren},
 title =      {{Sindice.com: weaving the open linked data}},
 booktitle =  {6$^{th}$ International Semantic Web Conference (ISWC'07)},
 year =       {2007},
 pages =      {552--565},
 address =    {Busan, Korea}
}

@InProceedings {Bizer:DBpedia,
  author =      {S\"{o}ren Auer and Christian Bizer and Georgi Kobilarov and Jens Lehmann and Richard Cyganiak and Zachary G. Ives},
  title =       {{DBpedia: A Nucleus for a Web of Open Data}},
  booktitle =   {6$^{th}$ International Semantic Web Conference (ISWC'07)},
  year =        {2007},
  pages =       {722--735},
  address =     {Busan, Korea}
}

@article{Altman:1989:RSS:70413.70419,
 author = {Altman, T. and Igarashi, Y.},
 title = {Roughly sorting: sequential and parallel approach},
 journal = {J. Inf. Process.},
 volume = {12},
 issue = {2},
 month = {January},
 year = {1989},
 issn = {0387-6101},
 pages = {154--158},
 numpages = {5},
 url = {http://portal.acm.org/citation.cfm?id=70413.70419},
 acmid = {70419},
 publisher = {Information Processing Society of Japan},
 address = {Tokyo, Japan, Japan},
} 

@book{russell2011mining,
  title={Mining the Social Web},
  author={Russell, M.A.},
  isbn={9781449388348},
  series={Head First Series},
  url={http://books.google.com/books?id=SYM1lrQdrdsC},
  year={2011},
  publisher={O'Reilly Media}
}

@book{russell201121,
  title={21 Recipes for Mining Twitter},
  author={Russell, M.},
  isbn={9781449303853},
  url={http://books.google.com/books?id=0rY\_ZksGY4oC},
  year={2011},
  publisher={O'Reilly Media}
}

@online{TwitterStreamingAPI,
  author = {{Twitter}},
  title = {{Streaming API}},
  howpublished = {Twitter {API} Documentation},
  note = {Available at \url{https://dev.twitter.com/docs/streaming-api}},
  month = nov,
  year = 2011
}

@online{FacebookRealtimeAPI,
  author = {{Facebook}},
  title = {{Real-time Updates}},
  howpublished = {Facebook {API} Documentation},
  note = {Available at \url{https://developers.facebook.com/docs/reference/api/realtime/}},
  month = nov,
  year = 2011
}

@online{DavidSimonds,
  author = {{David Simonds (The Economist)}},
  title = {{Walled Gardens}},
  howpublished = {Taken from a Presentation ``{WWW} and Hopes for the Future" by Tim Berners-Lee},
  note = {Available at \url{http://www.w3.org/2011/Talks/0222-saudi-tbl/\#(25)}},
  month = feb,
  year = 2011
}

@online{ForbesPost,
  author = {{Venkatesh Rao}},
  title = {{The Social Graph as Crude Oil (Go Ahead, Build that YASN!)}},
  howpublished = {Forbes Blog},
  note = {Available at \url{http://www.forbes.com/sites/venkateshrao/2011/10/21/the-social-graph-as-crude-oil-go-ahead-build-that-yasn/}},
  month = oct,
  year = 2011
}

@online{comScoreFacebook,
  author = {{comScore}},
  title = {{Top Global Facebook.com Markets by Percent Reach }},
  howpublished = {{comScore Data Mine}},
  note = {Available at \url{http://www.comscoredatamine.com/2011/03/top-facebook-markets-by-percent-reach/}},
  month = mar,
  year = 2011
}

@online{comScoreTwitter,
  author = {{comScore}},
  title = {{The Netherlands lead Global Markets in Twitter.com reach}},
  howpublished = {{comScore Data Mine}},
  note = {Available at \url{http://www.comscoredatamine.com/2011/02/the-netherlands-leads-global-markets-in-twitter-reach/}},
  month = feb,
  year = 2011
}

@inproceedings{Romero:2011:DMI:1963405.1963503,
 author = {Romero, Daniel M. and Meeder, Brendan and Kleinberg, Jon},
 title = {Differences in the mechanics of information diffusion across topics: idioms, political hashtags, and complex contagion on twitter},
 booktitle = {Proceedings of the 20th international conference on World wide web},
 series = {WWW '11},
 year = {2011},
 isbn = {978-1-4503-0632-4},
 location = {Hyderabad, India},
 pages = {695--704},
 numpages = {10},
 url = {http://doi.acm.org/10.1145/1963405.1963503},
 doi = {http://doi.acm.org/10.1145/1963405.1963503},
 acmid = {1963503},
 publisher = {ACM},
 address = {New York, NY, USA},
 keywords = {information diffusion, social contagion, social media},
} 

@inproceedings{Meeder:2011:WKY:1963405.1963479,
 author = {Meeder, Brendan and Karrer, Brian and Sayedi, Amin and Ravi, R. and Borgs, Christian and Chayes, Jennifer},
 title = {We know who you followed last summer: inferring social link creation times in twitter},
 booktitle = {Proceedings of the 20th international conference on World wide web},
 series = {WWW '11},
 year = {2011},
 isbn = {978-1-4503-0632-4},
 location = {Hyderabad, India},
 pages = {517--526},
 numpages = {10},
 url = {http://doi.acm.org/10.1145/1963405.1963479},
 doi = {http://doi.acm.org/10.1145/1963405.1963479},
 acmid = {1963479},
 publisher = {ACM},
 address = {New York, NY, USA},
 keywords = {graph analysis, large-scale data collection, network evolution, online social networks, user behavior},
} 

@inproceedings{Wu:2011:SWT:1963405.1963504,
 author = {Wu, Shaomei and Hofman, Jake M. and Mason, Winter A. and Watts, Duncan J.},
 title = {Who says what to whom on twitter},
 booktitle = {Proceedings of the 20th international conference on World wide web},
 series = {WWW '11},
 year = {2011},
 isbn = {978-1-4503-0632-4},
 location = {Hyderabad, India},
 pages = {705--714},
 numpages = {10},
 url = {http://doi.acm.org/10.1145/1963405.1963504},
 doi = {http://doi.acm.org/10.1145/1963405.1963504},
 acmid = {1963504},
 publisher = {ACM},
 address = {New York, NY, USA},
 keywords = {classification, communication networks, communications, information flow, twitter, two-step flow},
} 

@inproceedings{liu:settings,
    author = {Liu, Yabing and Gummadi, Krishna and Krishnamurthy, Balanchander and Mislove, Alan},
    booktitle = {Proceedings of the 11th ACM/USENIX Internet Measurement Conference (IMC'11)},
    month = nov,
    title = {Analyzing {Facebook} privacy settings: User expectations vs. reality},
    year = {2011}
}

@article {JCC4:JCC4367,
author = {Ellison, Nicole B. and Steinfield, Charles and Lampe, Cliff},
title = {The Benefits of Facebook “Friends:” Social Capital and College Students’ Use of Online Social Network Sites},
journal = {Journal of Computer-Mediated Communication},
volume = {12},
number = {4},
publisher = {Blackwell Publishing Inc},
issn = {1083-6101},
url = {http://dx.doi.org/10.1111/j.1083-6101.2007.00367.x},
doi = {10.1111/j.1083-6101.2007.00367.x},
pages = {1143--1168},
year = {2007},
}
